<record><leader>00000cas a22000007a 4500</leader><controlfield tag="001">18386183</controlfield><controlfield tag="008">880822d18391841ohucn ne      0    0eng d</controlfield><datafield ind1=" " ind2=" " tag="010"><subfield code="a">sn 88077796 </subfield></datafield><datafield ind1=" " ind2=" " tag="040"><subfield code="a">ONP</subfield><subfield code="b">eng</subfield><subfield code="c">ONP</subfield><subfield code="d">NVK</subfield><subfield code="d">OCL</subfield><subfield code="d">CRL</subfield><subfield code="d">OCLCQ</subfield><subfield code="d">OCLCF</subfield><subfield code="d">OCLCO</subfield></datafield><datafield ind1=" " ind2=" " tag="042"><subfield code="a">msc</subfield></datafield><datafield ind1=" " ind2=" " tag="043"><subfield code="a">n-us-oh</subfield></datafield><datafield ind1="0" ind2=" " tag="130"><subfield code="a">Ohio State journal (Columbus, Ohio : 1839 : Semiweekly)</subfield></datafield><datafield ind1="1" ind2="0" tag="245"><subfield code="a">Ohio State journal.</subfield></datafield><datafield ind1="3" ind2="0" tag="246"><subfield code="a">Daily Ohio journal</subfield></datafield><datafield ind1="1" ind2=" " tag="246"><subfield code="i">Issues for Dec. 2, 1839-Mar. 21, 1840 published with title:</subfield><subfield code="a">Daily State Journal</subfield></datafield><datafield ind1="1" ind2=" " tag="246"><subfield code="i">Issues for Dec. 10, 1840-Mar. 27, 1841 published with title:</subfield><subfield code="a">Daily Ohio State journal</subfield></datafield><datafield ind1=" " ind2=" " tag="260"><subfield code="a">Columbus, Ohio :</subfield><subfield code="b">[C. Scott &amp; S. Douglass],</subfield><subfield code="c">1839-1841.</subfield></datafield><datafield ind1=" " ind2=" " tag="300"><subfield code="a">4 v. ;</subfield><subfield code="c">50 cm.</subfield></datafield><datafield ind1=" " ind2=" " tag="310"><subfield code="a">Semiweekly (daily during legislative sessions),</subfield><subfield code="b">Dec. 2, 1839-Sept. 28, 1841</subfield></datafield><datafield ind1=" " ind2=" " tag="321"><subfield code="a">Semiweekly (triweekly during legislative sessions),</subfield><subfield code="b">Mar. 22, 1839-Nov. 30, 1839</subfield></datafield><datafield ind1="0" ind2=" " tag="362"><subfield code="a">Vol. 2, no. 251 (Mar. 19, 1839)-v. 5, no. 25 (Sept. 28, 1841).</subfield></datafield><datafield ind1=" " ind2=" " tag="530"><subfield code="a">Available on microfilm from Library of Congress Photoduplication Service.</subfield></datafield><datafield ind1=" " ind2="0" tag="651"><subfield code="a">Columbus (Ohio)</subfield><subfield code="v">Newspapers.</subfield></datafield><datafield ind1=" " ind2="0" tag="651"><subfield code="a">Franklin County (Ohio)</subfield><subfield code="v">Newspapers.</subfield></datafield><datafield ind1=" " ind2="7" tag="655"><subfield code="a">Newspapers.</subfield><subfield code="2">fast</subfield><subfield code="0">(OCoLC)fst01423814</subfield></datafield><datafield ind1=" " ind2="7" tag="651"><subfield code="a">Ohio</subfield><subfield code="z">Columbus.</subfield><subfield code="2">fast</subfield><subfield code="0">(OCoLC)fst01205076</subfield></datafield><datafield ind1=" " ind2="7" tag="651"><subfield code="a">Ohio</subfield><subfield code="z">Franklin County.</subfield><subfield code="2">fast</subfield><subfield code="0">(OCoLC)fst01209686</subfield></datafield><datafield ind1=" " ind2=" " tag="752"><subfield code="a">United States</subfield><subfield code="b">Ohio</subfield><subfield code="c">Franklin</subfield><subfield code="d">Columbus.</subfield></datafield><datafield ind1="0" ind2=" " tag="775"><subfield code="t">Ohio State journal (Columbus, Ohio : 1839 : Weekly)</subfield><subfield code="w">(DLC)sn 84028625</subfield><subfield code="w">(OCoLC)11276103</subfield></datafield><datafield ind1="0" ind2="0" tag="780"><subfield code="t">Journal and register</subfield><subfield code="w">(DLC)sn 85025900</subfield><subfield code="w">(OCoLC)11985293</subfield></datafield><datafield ind1="0" ind2="0" tag="785"><subfield code="t">Daily Ohio State journal</subfield><subfield code="w">(DLC)sn 88077797</subfield><subfield code="w">(OCoLC)18386188</subfield></datafield></record>